<record xmlns="http://www.loc.gov/MARC21/slim" xmlns:xsi="http://www.w3.org/2001/XMLSchema-instance" xsi:schemaLocation="http://www.loc.gov/MARC21/slim http://www.loc.gov/standards/marcxml/schema/MARC21slim.xsd"><leader>     nam a22        4500</leader><controlfield tag="001">3076293</controlfield><controlfield tag="003">NNC</controlfield><controlfield tag="006">m        d        </controlfield><controlfield tag="007">cr cn |||m|||a</controlfield><controlfield tag="008">150316s1922    ua c    o     000 0 ara d</controlfield><datafield ind1=" " ind2=" " tag="040"><subfield code="a">NNU</subfield><subfield code="b">eng</subfield><subfield code="e">rda</subfield><subfield code="c">NNU</subfield></datafield><datafield ind1="1" ind2=" " tag="041"><subfield code="h">fre</subfield><subfield code="h">ger</subfield><subfield code="h">ita</subfield><subfield code="h">eng</subfield></datafield><datafield ind1=" " ind2=" " tag="092"><subfield code="a">892.78</subfield><subfield code="b">454</subfield></datafield><datafield ind1=" " ind2=" " tag="090"><subfield code="a">PN6020</subfield><subfield code="b">.H34 1922</subfield></datafield><datafield ind1="0" ind2="0" tag="245"><subfield code="6">880-01</subfield><subfield code="a">Bala&#772;ghat al-Gharb :</subfield><subfield code="b">ah&#803;a&#772;sin al-mah&#803;a&#772;sin wa-ghurar al-durar min qari&#772;d&#803; al-Gharb wa-nathrihi = choix de poe&#768;mes lyriques et prose d'auteurs franc&#807;ais avec leur biographie /</subfield><subfield code="c">&#699;arrabahu min al-Faransi&#772;yah Muh&#803;ammad Ka&#772;mil H&#803;ajja&#772;j.</subfield></datafield><datafield ind1="1" ind2=" " tag="246"><subfield code="i">Subtitle of v.2:</subfield><subfield code="a">Traduction de quelques chefs-d'oevre des litte&#769;ratures franc&#807;ais, allemande, italienne et anglaise.</subfield></datafield><datafield ind1=" " ind2="1" tag="264"><subfield code="a">[Egypt] :</subfield><subfield code="b">[Publisher not indicated],</subfield><subfield code="c">1922.</subfield></datafield><datafield ind1=" " ind2="3" tag="264"><subfield code="6">880-02</subfield><subfield code="a">Mis&#803;r :</subfield><subfield code="b">Mat&#803;ba&#699;at al-Tawfi&#772;q.</subfield></datafield><datafield ind1=" " ind2=" " tag="300"><subfield code="a">online resource (2 v. in 1) :</subfield><subfield code="b">ports.</subfield></datafield><datafield ind1=" " ind2=" " tag="336"><subfield code="a">text</subfield><subfield code="2">rdacontent</subfield></datafield><datafield ind1=" " ind2=" " tag="337"><subfield code="a">computer</subfield><subfield code="2">rdamedia</subfield></datafield><datafield ind1=" " ind2=" " tag="338"><subfield code="a">online resource</subfield><subfield code="2">rdacarrier</subfield></datafield><datafield ind1=" " ind2=" " tag="500"><subfield code="a">Part of the Arabic Collections Online (ACO) project, contributed by Columbia University Libraries.</subfield></datafield><datafield ind1=" " ind2=" " tag="533"><subfield code="a">Electronic reproduction.</subfield><subfield code="b">New York, N.Y. :</subfield><subfield code="c">New York University,</subfield><subfield code="d">2015.</subfield><subfield code="5">NNU</subfield></datafield><datafield ind1=" " ind2="0" tag="650"><subfield code="a">Literature, Modern</subfield><subfield code="v">Translations into Arabic.</subfield></datafield><datafield ind1=" " ind2="0" tag="650"><subfield code="a">European literature</subfield><subfield code="v">Translations into Arabic.</subfield></datafield><datafield ind1=" " ind2="0" tag="650"><subfield code="a">French literature</subfield><subfield code="v">Translations into Arabic.</subfield></datafield><datafield ind1=" " ind2="0" tag="650"><subfield code="a">Arabic literature</subfield><subfield code="x">Translations from foreign languages.</subfield></datafield><datafield ind1="1" ind2=" " tag="700"><subfield code="6">880-03</subfield><subfield code="a">H&#803;ajja&#772;j, Muh&#803;ammad Ka&#772;mil,</subfield><subfield code="e">translator.</subfield></datafield><datafield ind1="2" ind2=" " tag="710"><subfield code="a">Columbia University.</subfield><subfield code="b">Libraries.</subfield></datafield><datafield ind1="0" ind2=" " tag="730"><subfield code="a">Arabic Collections Online.</subfield></datafield><datafield ind1="0" ind2="8" tag="776"><subfield code="i">Print version:</subfield><subfield code="t">Bala&#772;ghat al-Gharb</subfield><subfield code="w">(NNC)3076293</subfield><subfield code="w">(OCoLC)30574798</subfield></datafield><datafield ind1="4" ind2="0" tag="856"><subfield code="u">http://hdl.handle.net/2333.1/kprr50tx</subfield></datafield><datafield ind1="0" ind2="0" tag="880"><subfield code="6">245-01/r</subfield><subfield code="a">&#1576;&#1604;&#1575;&#1594;&#1577; &#1575;&#1604;&#1594;&#1585;&#1576; :</subfield><subfield code="b">&#1575;&#1581;&#1575;&#1587;&#1606; &#1575;&#1604;&#1605;&#1581;&#1575;&#1587;&#1606; &#1608;&#1594;&#1585;&#1585; &#1575;&#1604;&#1583;&#1585;&#1585; &#1605;&#1606; &#1602;&#1585;&#1610;&#1590; &#1575;&#1604;&#1594;&#1585;&#1576; &#1608;&#1606;&#1579;&#1585;&#1607; /</subfield><subfield code="c">&#1593;&#1585;&#1576;&#1607; &#1605;&#1606; &#1575;&#1604;&#1601;&#1585;&#1606;&#1587;&#1610;&#1577; &#1605;&#1581;&#1605;&#1583; &#1603;&#1575;&#1605;&#1604; &#1581;&#1580;&#1575;&#1580;.</subfield></datafield><datafield ind1=" " ind2="3" tag="880"><subfield code="6">264-02/r</subfield><subfield code="a">&#1605;&#1589;&#1585; :</subfield><subfield code="b">&#1605;&#1591;&#1576;&#1593;&#1577; &#1575;&#1604;&#1578;&#1608;&#1601;&#1610;&#1602;.</subfield></datafield><datafield ind1="1" ind2=" " tag="880"><subfield code="6">700-03/r</subfield><subfield code="a">&#1581;&#1580;&#1575;&#1580;&#1548; &#1605;&#1581;&#1605;&#1583; &#1603;&#1575;&#1605;&#1604;&#1548;</subfield><subfield code="e">translator.</subfield></datafield><datafield ind1=" " ind2=" " tag="959"><subfield code="a">NNU</subfield><subfield code="b">WEB</subfield><subfield code="c">GENI</subfield><subfield code="t">0</subfield><subfield code="m">Electronic access</subfield><subfield code="s">01</subfield></datafield><datafield ind1=" " ind2=" " tag="999"><subfield code="i">NNC_3076293</subfield><subfield code="o">(OCoLC)ocm30574798</subfield><subfield code="e">(ERROR-880)</subfield><subfield code="s">columbia_aco000244</subfield></datafield></record>